@book{skiena1998algorithm,
  title={The algorithm design manual: Text},
  author={Skiena, Steven S},
  volume={1},
  year={1998},
  publisher={Springer Science \& Business Media}
  }


@book{levitin2007introduction,
  title={Introduction to the design \& analysis of algorithms},
  year={2007},
  edition={3},
  author={Levitin, Anany},
  publisher={Addison-Wesley Reading, MA}
}

@article{vitter1990average,
  title={Average-case analysis of algorithms and data structures},
  author={Vitter, Jeffrey Scott and Flajolet, Philippe},
  year={1990},
  publisher={Citeseer}
}

@article{cormen2009linear,
	title={Introduction to Algorithms},
	edition={3},
	author={Cormen, TH and Leiserson, CE and Rivest, RL and Stein, C},
	address={Cambridge, MA, USA},
	year={2009},
	publisher={The MIT Press}
}

@book{knuth1998art,
	title={The art of computer programming: sorting and searching},
	author={Knuth, Donald Ervin},
	volume={3},
	year={1998},
	publisher={Pearson Education}
}

@book{kernighan1999practice,
	title={The practice of programming},
	author={Kernighan, Brian W and Pike, Rob},
	year={1999},
	publisher={Addison-Wesley Professional}
}
